<record><leader>00000cas a2200000 a 4500</leader><controlfield tag="001">22718750</controlfield><controlfield tag="008">901120d19801982iludr ne      0   a0eng c</controlfield><datafield ind1=" " ind2=" " tag="010"><subfield code="a">sn 90054709 </subfield></datafield><datafield ind1=" " ind2=" " tag="040"><subfield code="a">NVF</subfield><subfield code="b">eng</subfield><subfield code="c">NVF</subfield><subfield code="d">NVF</subfield><subfield code="d">OCLCQ</subfield><subfield code="d">OCLCF</subfield><subfield code="d">NVF</subfield><subfield code="d">OCLCO</subfield><subfield code="d">OCLCA</subfield></datafield><datafield ind1="1" ind2=" " tag="029"><subfield code="a">AU@</subfield><subfield code="b">000020615156</subfield></datafield><datafield ind1=" " ind2=" " tag="042"><subfield code="a">pcc</subfield></datafield><datafield ind1=" " ind2=" " tag="043"><subfield code="a">n-us-il</subfield></datafield><datafield ind1="0" ind2="4" tag="245"><subfield code="a">The morning herald &amp; review.</subfield></datafield><datafield ind1="1" ind2=" " tag="246"><subfield code="i">Published on Sundays as:</subfield><subfield code="a">Sunday herald &amp; review</subfield></datafield><datafield ind1="1" ind2=" " tag="246"><subfield code="i">Published on Saturdays as:</subfield><subfield code="a">Saturday herald &amp; review</subfield><subfield code="f">Nov. 22, 1980-June 6, 1982</subfield></datafield><datafield ind1="1" ind2="3" tag="246"><subfield code="a">Herald and review</subfield></datafield><datafield ind1="3" ind2=" " tag="246"><subfield code="a">Morning herald and review</subfield></datafield><datafield ind1="3" ind2=" " tag="246"><subfield code="a">Sunday herald and review</subfield></datafield><datafield ind1="3" ind2=" " tag="246"><subfield code="a">Saturday herald and review</subfield></datafield><datafield ind1=" " ind2=" " tag="260"><subfield code="a">Decatur, Ill. :</subfield><subfield code="b">Decatur Herald and Review,</subfield><subfield code="c">1980-1982.</subfield></datafield><datafield ind1=" " ind2=" " tag="300"><subfield code="a">v.</subfield></datafield><datafield ind1=" " ind2=" " tag="310"><subfield code="a">Daily</subfield></datafield><datafield ind1="0" ind2=" " tag="362"><subfield code="a">Vol. 101, no. 154 (June 30, 1980)-v. 103, no. 157 (June 6, 1982).</subfield></datafield><datafield ind1=" " ind2=" " tag="515"><subfield code="a">Sunday issues have their own numbering system, June 30-Dec. 28, 1980.</subfield></datafield><datafield ind1=" " ind2=" " tag="515"><subfield code="a">Holiday issues have their own numbering system, June 30-Dec. 25, 1980.</subfield></datafield><datafield ind1=" " ind2=" " tag="525"><subfield code="a">Separately numbered weekly supplements with title: Herald &amp; review focus accompany issues for Nov. 5, 1980-June 6, 1982.</subfield></datafield><datafield ind1=" " ind2=" " tag="580"><subfield code="a">Evening eds.: Decatur herald &amp; review (Decatur, Ill. : 1980), 1980, and: Evening Decatur herald &amp; review, 1980, and: Evening herald &amp; review, 1980-1982.</subfield></datafield><datafield ind1=" " ind2="0" tag="651"><subfield code="a">Decatur (Ill.)</subfield><subfield code="v">Newspapers.</subfield></datafield><datafield ind1=" " ind2="7" tag="651"><subfield code="a">Illinois</subfield><subfield code="z">Decatur.</subfield><subfield code="2">fast</subfield><subfield code="0">(OCoLC)fst01208165</subfield></datafield><datafield ind1=" " ind2="7" tag="655"><subfield code="a">Newspapers.</subfield><subfield code="2">fast</subfield><subfield code="0">(OCoLC)fst01423814</subfield></datafield><datafield ind1="0" ind2="2" tag="740"><subfield code="a">Herald &amp; review focus.</subfield></datafield><datafield ind1=" " ind2=" " tag="752"><subfield code="a">United States</subfield><subfield code="b">Illinois</subfield><subfield code="c">Macon</subfield><subfield code="d">Decatur.</subfield></datafield><datafield ind1="1" ind2=" " tag="775"><subfield code="t">Decatur herald &amp; review (Decatur, Ill. : 1980)</subfield><subfield code="w">(DLC)sn 90054701</subfield><subfield code="w">(OCoLC)22714514</subfield></datafield><datafield ind1="1" ind2=" " tag="775"><subfield code="t">Evening Decatur herald &amp; review</subfield><subfield code="w">(DLC)sn 90054702</subfield><subfield code="w">(OCoLC)22714568</subfield></datafield><datafield ind1="1" ind2=" " tag="775"><subfield code="t">Evening herald &amp; review</subfield><subfield code="w">(DLC)sn 90054703</subfield><subfield code="w">(OCoLC)22714668</subfield></datafield><datafield ind1="0" ind2="0" tag="780"><subfield code="t">Decatur herald (Decatur, Ill. : Daily)</subfield><subfield code="w">(DLC)sn 90054708</subfield><subfield code="w">(OCoLC)22714917</subfield></datafield><datafield ind1="0" ind2="0" tag="785"><subfield code="t">Herald &amp; review (Decatur, Ill. : 1982)</subfield><subfield code="w">(DLC)sn 90054710</subfield><subfield code="w">(OCoLC)22718837</subfield></datafield></record>